<?xml version="1.0" encoding="UTF-8"?><record xmlns="http://www.loc.gov/MARC21/slim" xmlns:cinclude="http://apache.org/cocoon/include/1.0" xmlns:zs="http://www.loc.gov/zing/srw/">
  <leader>00647cz  a2200157n  4500</leader>
  <controlfield tag="001">n  84160440 </controlfield>
  <controlfield tag="003">DLC</controlfield>
  <controlfield tag="005">20000919190840.0</controlfield>
  <controlfield tag="008">840921nc acannaabn          |a ana |||  </controlfield>
  <datafield tag="010" ind1=" " ind2=" ">
    <subfield code="a">n  84160440 </subfield>
  </datafield>
  <datafield tag="035" ind1=" " ind2=" ">
    <subfield code="a">(OCoLC)oca01175457</subfield>
  </datafield>
  <datafield tag="040" ind1=" " ind2=" ">
    <subfield code="a">DLC</subfield>
    <subfield code="b">eng</subfield>
    <subfield code="c">DLC</subfield>
    <subfield code="d">OCoLC</subfield>
  </datafield>
  <datafield tag="110" ind1="2" ind2=" ">
    <subfield code="a">Hua gong bu qi zhong yun shu she ji ji shu zhong xin zhan (China)</subfield>
  </datafield>
  <datafield tag="410" ind1="2" ind2=" ">
    <subfield code="w">nne</subfield>
    <subfield code="a">Hua kung pu chʻi chung yün shu she chi chi shu chung hsin chan (China)</subfield>
  </datafield>
  <datafield tag="410" ind1="1" ind2=" ">
    <subfield code="a">China.</subfield>
    <subfield code="b">Hua gong bu.</subfield>
    <subfield code="b">Qi zhong yun shu she ji ji shu zhong xin zhan</subfield>
  </datafield>
  <datafield tag="670" ind1=" " ind2=" ">
    <subfield code="a">Yün shu chi hsieh shou tsʻe, 1983- :</subfield>
    <subfield code="b">v. 1, t.p. (Hua kung pu chʻi chung yün shu she chi chi shu chung hsin chan)</subfield>
  </datafield>
</record>